
    <zs:record>
      <zs:recordSchema/>
      <zs:recordPacking>xml</zs:recordPacking>
      <zs:recordData>
        <record xmlns="http://www.loc.gov/MARC21/slim">
          <leader>06906cam a2200805 i 4500</leader>
          <controlfield tag="001">21355271</controlfield>
          <controlfield tag="005">20200106161408.0</controlfield>
          <controlfield tag="008">200106t20192019nyu    e      000 1 eng d</controlfield>
          <datafield tag="906" ind1=" " ind2=" ">
            <subfield code="a">7</subfield>
            <subfield code="b">cbc</subfield>
            <subfield code="c">copycat</subfield>
            <subfield code="d">2</subfield>
            <subfield code="e">ncip</subfield>
            <subfield code="f">20</subfield>
            <subfield code="g">y-gencatlg</subfield>
          </datafield>
          <datafield tag="925" ind1="0" ind2=" ">
            <subfield code="a">acquire</subfield>
            <subfield code="b">1 shelf copy</subfield>
            <subfield code="x">policy default</subfield>
          </datafield>
          <datafield tag="955" ind1=" " ind2=" ">
            <subfield code="b">xk06 2020-01-06 z-processor</subfield>
            <subfield code="i">xk06 2020-01-06 to LOAN</subfield>
          </datafield>
          <datafield tag="010" ind1=" " ind2=" ">
            <subfield code="a">  2019457830</subfield>
          </datafield>
          <datafield tag="015" ind1=" " ind2=" ">
            <subfield code="a">GBB8M7754</subfield>
            <subfield code="2">bnb</subfield>
          </datafield>
          <datafield tag="016" ind1="7" ind2=" ">
            <subfield code="a">019159089</subfield>
            <subfield code="2">Uk</subfield>
          </datafield>
          <datafield tag="020" ind1=" " ind2=" ">
            <subfield code="a">9781643130118</subfield>
            <subfield code="q">(hardcover)</subfield>
          </datafield>
          <datafield tag="020" ind1=" " ind2=" ">
            <subfield code="a">1643130110</subfield>
            <subfield code="q">(hardcover)</subfield>
          </datafield>
          <datafield tag="024" ind1="3" ind2=" ">
            <subfield code="a">9781643130118</subfield>
          </datafield>
          <datafield tag="035" ind1=" " ind2=" ">
            <subfield code="a">(OCoLC)on1041896841</subfield>
          </datafield>
          <datafield tag="040" ind1=" " ind2=" ">
            <subfield code="a">YDX</subfield>
            <subfield code="b">eng</subfield>
            <subfield code="c">YDX</subfield>
            <subfield code="e">rda</subfield>
            <subfield code="d">BDX</subfield>
            <subfield code="d">UKMGB</subfield>
            <subfield code="d">OCLCO</subfield>
            <subfield code="d">OCLCQ</subfield>
            <subfield code="d">OCLCF</subfield>
            <subfield code="d">MYL</subfield>
            <subfield code="d">OCJ</subfield>
            <subfield code="d">IGA</subfield>
            <subfield code="d">IEP</subfield>
            <subfield code="d">OCLCO</subfield>
            <subfield code="d">YDX</subfield>
            <subfield code="d">OI6</subfield>
            <subfield code="d">IJ5</subfield>
            <subfield code="d">GZD</subfield>
            <subfield code="d">OCLCO</subfield>
            <subfield code="d">JAG</subfield>
            <subfield code="d">JTH</subfield>
            <subfield code="d">OCLCO</subfield>
            <subfield code="d">TS4</subfield>
            <subfield code="d">QQ3</subfield>
            <subfield code="d">UAG</subfield>
            <subfield code="d">NZAUC</subfield>
            <subfield code="d">JNE</subfield>
            <subfield code="d">JBO</subfield>
            <subfield code="d">OCLCO</subfield>
            <subfield code="d">XOL</subfield>
            <subfield code="d">ZQP</subfield>
            <subfield code="d">OCLCO</subfield>
            <subfield code="d">NRC</subfield>
            <subfield code="d">OCLCO</subfield>
            <subfield code="d">ILC</subfield>
            <subfield code="d">OCLCO</subfield>
            <subfield code="d">JVX</subfield>
            <subfield code="d">ISF</subfield>
            <subfield code="d">NDD</subfield>
            <subfield code="d">OCLCO</subfield>
            <subfield code="d">CZA</subfield>
            <subfield code="d">AZD</subfield>
            <subfield code="d">KYC</subfield>
            <subfield code="d">SOM</subfield>
            <subfield code="d">OCL</subfield>
            <subfield code="d">OCLCQ</subfield>
            <subfield code="d">OCLCO</subfield>
            <subfield code="d">DLC</subfield>
          </datafield>
          <datafield tag="042" ind1=" " ind2=" ">
            <subfield code="a">lccopycat</subfield>
          </datafield>
          <datafield tag="050" ind1="0" ind2="0">
            <subfield code="a">PN6071.H727</subfield>
            <subfield code="b">M65 2019</subfield>
          </datafield>
          <datafield tag="082" ind1="0" ind2="4">
            <subfield code="a">808.83/8738</subfield>
            <subfield code="2">23</subfield>
          </datafield>
          <datafield tag="245" ind1="0" ind2="0">
            <subfield code="a">More deadly than the male :</subfield>
            <subfield code="b">masterpieces from the queens of horror /</subfield>
            <subfield code="c">edited by Graeme Davis.</subfield>
          </datafield>
          <datafield tag="250" ind1=" " ind2=" ">
            <subfield code="a">First Pegasus Books cloth edition.</subfield>
          </datafield>
          <datafield tag="264" ind1=" " ind2="1">
            <subfield code="a">New York :</subfield>
            <subfield code="b">Pegasus Books,</subfield>
            <subfield code="c">2019.</subfield>
          </datafield>
          <datafield tag="264" ind1=" " ind2="4">
            <subfield code="c">©2019</subfield>
          </datafield>
          <datafield tag="300" ind1=" " ind2=" ">
            <subfield code="a">xi, 483 pages ;</subfield>
            <subfield code="c">24 cm</subfield>
          </datafield>
          <datafield tag="336" ind1=" " ind2=" ">
            <subfield code="a">text</subfield>
            <subfield code="b">txt</subfield>
            <subfield code="2">rdacontent</subfield>
          </datafield>
          <datafield tag="337" ind1=" " ind2=" ">
            <subfield code="a">unmediated</subfield>
            <subfield code="b">n</subfield>
            <subfield code="2">rdamedia</subfield>
          </datafield>
          <datafield tag="338" ind1=" " ind2=" ">
            <subfield code="a">volume</subfield>
            <subfield code="b">nc</subfield>
            <subfield code="2">rdacarrier</subfield>
          </datafield>
          <datafield tag="505" ind1="0" ind2="0">
            <subfield code="g">Introduction /</subfield>
            <subfield code="r">Graeme Davis --</subfield>
            <subfield code="t">The transformation /</subfield>
            <subfield code="r">Mary Wollstonecraft Shelley --</subfield>
            <subfield code="t">The dark lady /</subfield>
            <subfield code="r">Mrs. S.C. Hall --</subfield>
            <subfield code="t">Morton Hall /</subfield>
            <subfield code="r">Elizabeth Gaskell --</subfield>
            <subfield code="t">A ghost story /</subfield>
            <subfield code="r">Ada Trevanion --</subfield>
            <subfield code="t">An engineer's story /</subfield>
            <subfield code="r">Amelia B. Edwards --</subfield>
            <subfield code="t">Lost in a pyramid, or the mummy's curse /</subfield>
            <subfield code="r">Louisa May Alcott --</subfield>
            <subfield code="t">Tom Toothacre's ghost story /</subfield>
            <subfield code="r">Harriet Beecher Stowe --</subfield>
            <subfield code="t">Kentucky's ghost /</subfield>
            <subfield code="r">Elizabeth Stuart Phelps --</subfield>
            <subfield code="t">At Chrighton Abbey /</subfield>
            <subfield code="r">Mary Elizabeth Braddon --</subfield>
            <subfield code="t">The fate of Madam Cabanel /</subfield>
            <subfield code="r">Liza Lynn Linton --</subfield>
            <subfield code="t">Forewarned, forearmed /</subfield>
            <subfield code="r">Mrs. J.H. Riddell --</subfield>
            <subfield code="t">The portrait /</subfield>
            <subfield code="r">Margaret Oliphant --</subfield>
            <subfield code="t">The shrine of death /</subfield>
            <subfield code="r">Lady Dilke --</subfield>
            <subfield code="t">The Beckside boggle /</subfield>
            <subfield code="r">Alice Rea --</subfield>
            <subfield code="t">The hidden door /</subfield>
            <subfield code="r">Vernon Lee --</subfield>
            <subfield code="t">Unexplained /</subfield>
            <subfield code="r">Mary Louisa Molesworth --</subfield>
            <subfield code="t">Let loose /</subfield>
            <subfield code="r">Mary Cholmondely --</subfield>
            <subfield code="t">The cave of the echoes /</subfield>
            <subfield code="r">Helena Blavatsky --</subfield>
            <subfield code="t">The yellow wall paper /</subfield>
            <subfield code="r">Charlott Perkins Gilman --</subfield>
            <subfield code="t">The mass for the dead /</subfield>
            <subfield code="r">Edith Nexbit --</subfield>
            <subfield code="t">The Tyburn ghost /</subfield>
            <subfield code="r">The Countess of Munster --</subfield>
            <subfield code="t">The duchess at prayer /</subfield>
            <subfield code="r">Edith Wharton --</subfield>
            <subfield code="t">The vacant lot /</subfield>
            <subfield code="r">Mary E. Wilkins-Freeman --</subfield>
            <subfield code="t">An unscientific story /</subfield>
            <subfield code="r">Louis J. Strong --</subfield>
            <subfield code="t">A dissatisfied soul /</subfield>
            <subfield code="r">Annie Trumbull Slosson --</subfield>
            <subfield code="t">The readjustment /</subfield>
            <subfield code="r">May Austin.</subfield>
          </datafield>
          <datafield tag="520" ind1=" " ind2=" ">
            <subfield code="a">A darkly luminous new anthology collecting the most terrifying horror stories by renowned female authors, presenting anew these forgotten classics to the modern reader. Readers are well aware that Mary Shelley wrote Frankenstein: few know how many other tales of terror she created. In addition to Uncle Tom's Cabin, Harriet Beecher Stowe wrote some surprisingly effective horror stories. The year after Little Women appeared, Louisa May Alcott published one of the first mummy tales. These ladies weren't alone. From the earliest days of Gothic and horror fiction, women were exploring the frontiers of fear, dreaming dark dreams that will still keep you up at night. More Deadly than the Male includes unexpected horror tales by Louisa May Alcott and Harriet Beecher Stowe, and forgotten writers like Mary Cholmondely and Charlotte Riddell, whose work deserves a modern audience. Readers will be drawn in by the familiar names and intrigued by their rare stories. In The Beckside Boggle, Alice Rea brings a common piece of English folklore to hair-raising life, while Helene Blavatsky, best known as the founder of the spiritualist Theosophical Society, conjures up a solid and satisfying ghost story in The Cave of the Echoes. Edith Wharton's great novel The Age of Innocence won her the Pulitzer prize, yet her horror stories are known only to a comparative few. Readers will discover lost and forgotten women who wrote horror every bit as effectively as their male contemporaries. They will learn about their lives and careers, the challenges they faced as women working in a male-dominated field, the way they overcame those challenges, and the way they approached the genre--which was often subtler, more psychological, and more disturbing.--</subfield>
            <subfield code="c">Book jacket.</subfield>
          </datafield>
          <datafield tag="520" ind1=" " ind2=" ">
            <subfield code="a">A darkly luminous new anthology collecting the most terrifying horror stories by renowned female authors. Several of the authors are well-known, but others are lost and forgotten women who wrote horror every bit as effectively as their male contemporaries. Davis includes short introductions that examine the authors' lives and careers, the challenges they faced as women working in a male-dominated field, and the subtler, more psychological, and more disturbing way they approached the genre. -- adapted from jacket</subfield>
          </datafield>
          <datafield tag="650" ind1=" " ind2="0">
            <subfield code="a">Horror tales, English.</subfield>
          </datafield>
          <datafield tag="650" ind1=" " ind2="0">
            <subfield code="a">Horror tales, American.</subfield>
          </datafield>
          <datafield tag="650" ind1=" " ind2="0">
            <subfield code="a">English fiction</subfield>
            <subfield code="x">Women authors.</subfield>
          </datafield>
          <datafield tag="650" ind1=" " ind2="0">
            <subfield code="a">American fiction</subfield>
            <subfield code="x">Women authors.</subfield>
          </datafield>
          <datafield tag="650" ind1=" " ind2="0">
            <subfield code="a">Short stories, English.</subfield>
          </datafield>
          <datafield tag="650" ind1=" " ind2="0">
            <subfield code="a">Short stories, American.</subfield>
          </datafield>
          <datafield tag="655" ind1=" " ind2="0">
            <subfield code="a">Horror tales, English.</subfield>
          </datafield>
          <datafield tag="655" ind1=" " ind2="0">
            <subfield code="a">Horror tales, American.</subfield>
          </datafield>
          <datafield tag="655" ind1=" " ind2="0">
            <subfield code="a">Short stories, English.</subfield>
          </datafield>
          <datafield tag="655" ind1=" " ind2="0">
            <subfield code="a">Short stories, American.</subfield>
          </datafield>
          <datafield tag="655" ind1=" " ind2="4">
            <subfield code="a">Short stories.</subfield>
          </datafield>
          <datafield tag="655" ind1=" " ind2="4">
            <subfield code="a">Horror fiction.</subfield>
          </datafield>
          <datafield tag="650" ind1=" " ind2="7">
            <subfield code="a">Short stories, English.</subfield>
            <subfield code="2">fast</subfield>
            <subfield code="0">(OCoLC)fst01117174</subfield>
          </datafield>
          <datafield tag="650" ind1=" " ind2="7">
            <subfield code="a">Short stories, American.</subfield>
            <subfield code="2">fast</subfield>
            <subfield code="0">(OCoLC)fst01117064</subfield>
          </datafield>
          <datafield tag="650" ind1=" " ind2="7">
            <subfield code="a">American fiction</subfield>
            <subfield code="x">Women authors.</subfield>
            <subfield code="2">fast</subfield>
            <subfield code="0">(OCoLC)fst00807099</subfield>
          </datafield>
          <datafield tag="650" ind1=" " ind2="7">
            <subfield code="a">English fiction</subfield>
            <subfield code="x">Women authors.</subfield>
            <subfield code="2">fast</subfield>
            <subfield code="0">(OCoLC)fst00910866</subfield>
          </datafield>
          <datafield tag="650" ind1=" " ind2="7">
            <subfield code="a">Horror tales, American.</subfield>
            <subfield code="2">fast</subfield>
            <subfield code="0">(OCoLC)fst00960399</subfield>
          </datafield>
          <datafield tag="650" ind1=" " ind2="7">
            <subfield code="a">Horror tales, English.</subfield>
            <subfield code="2">fast</subfield>
            <subfield code="0">(OCoLC)fst00960411</subfield>
          </datafield>
          <datafield tag="655" ind1=" " ind2="7">
            <subfield code="a">Short stories, English.</subfield>
            <subfield code="2">fast</subfield>
            <subfield code="0">(OCoLC)fst01750180</subfield>
          </datafield>
          <datafield tag="655" ind1=" " ind2="7">
            <subfield code="a">Short stories, American.</subfield>
            <subfield code="2">fast</subfield>
            <subfield code="0">(OCoLC)fst01750175</subfield>
          </datafield>
          <datafield tag="655" ind1=" " ind2="7">
            <subfield code="a">Short stories.</subfield>
            <subfield code="2">fast</subfield>
            <subfield code="0">(OCoLC)fst01726740</subfield>
          </datafield>
          <datafield tag="655" ind1=" " ind2="7">
            <subfield code="a">Horror fiction.</subfield>
            <subfield code="2">fast</subfield>
            <subfield code="0">(OCoLC)fst01921684</subfield>
          </datafield>
          <datafield tag="655" ind1=" " ind2="7">
            <subfield code="a">Horror fiction.</subfield>
            <subfield code="2">gsafd</subfield>
          </datafield>
          <datafield tag="655" ind1=" " ind2="7">
            <subfield code="a">Ghost stories.</subfield>
            <subfield code="2">gsafd</subfield>
          </datafield>
          <datafield tag="655" ind1=" " ind2="7">
            <subfield code="a">Short stories.</subfield>
            <subfield code="2">lcgft</subfield>
          </datafield>
          <datafield tag="655" ind1=" " ind2="7">
            <subfield code="a">Horror fiction.</subfield>
            <subfield code="2">lcgft</subfield>
          </datafield>
          <datafield tag="700" ind1="1" ind2=" ">
            <subfield code="a">Davis, Graeme,</subfield>
            <subfield code="e">editor.</subfield>
          </datafield>
          <datafield tag="700" ind1="1" ind2="2">
            <subfield code="a">Shelley, Mary Wollstonecraft,</subfield>
            <subfield code="d">1797-1851.</subfield>
            <subfield code="t">Transformation.</subfield>
          </datafield>
          <datafield tag="700" ind1="1" ind2="2">
            <subfield code="a">Hall, S. C.,</subfield>
            <subfield code="c">Mrs.,</subfield>
            <subfield code="d">1800-1881.</subfield>
            <subfield code="t">Dark lady.</subfield>
          </datafield>
          <datafield tag="700" ind1="1" ind2="2">
            <subfield code="a">Gaskell, Elizabeth Cleghorn,</subfield>
            <subfield code="d">1810-1865.</subfield>
            <subfield code="t">Morton Hall.</subfield>
          </datafield>
          <datafield tag="700" ind1="1" ind2="2">
            <subfield code="a">Trevanion, Ada.</subfield>
            <subfield code="t">Ghost story.</subfield>
          </datafield>
          <datafield tag="700" ind1="1" ind2="2">
            <subfield code="a">Edwards, Amelia B.,</subfield>
            <subfield code="d">1831-1892.</subfield>
            <subfield code="t">Engineer's story.</subfield>
          </datafield>
          <datafield tag="700" ind1="1" ind2="2">
            <subfield code="a">Alcott, Louisa May,</subfield>
            <subfield code="d">1832-1888.</subfield>
            <subfield code="t">Lost in a pyramid, or, The mummy's curse.</subfield>
          </datafield>
          <datafield tag="700" ind1="1" ind2="2">
            <subfield code="a">Stowe, Harriet Beecher,</subfield>
            <subfield code="d">1811-1896.</subfield>
            <subfield code="t">Tom Toothacre's ghost story.</subfield>
          </datafield>
          <datafield tag="700" ind1="1" ind2="2">
            <subfield code="a">Phelps, Elizabeth Stuart,</subfield>
            <subfield code="d">1844-1911.</subfield>
            <subfield code="t">Kentucky's ghost.</subfield>
          </datafield>
          <datafield tag="700" ind1="1" ind2="2">
            <subfield code="a">Braddon, M. E.</subfield>
            <subfield code="q">(Mary Elizabeth),</subfield>
            <subfield code="d">1835-1915.</subfield>
            <subfield code="t">At Chrighton Abbey.</subfield>
          </datafield>
          <datafield tag="700" ind1="1" ind2="2">
            <subfield code="a">Linton, E. Lynn</subfield>
            <subfield code="q">(Elizabeth Lynn),</subfield>
            <subfield code="d">1822-1898.</subfield>
            <subfield code="t">Fate of Madame Cabanel.</subfield>
          </datafield>
        </record>
      </zs:recordData>
      <zs:recordPosition>3</zs:recordPosition>
    </zs:record>