
    <zs:record>
      <zs:recordSchema/>
      <zs:recordPacking>xml</zs:recordPacking>
      <zs:recordData>
        <record xmlns="http://www.loc.gov/MARC21/slim">
          <leader>01412cim a22003617a 4500</leader>
          <controlfield tag="001">13593442</controlfield>
          <controlfield tag="005">20171216154856.0</controlfield>
          <controlfield tag="007">sd|bmsfnnmplue</controlfield>
          <controlfield tag="008">040514s194u    nyunnn         d    eng  </controlfield>
          <datafield tag="906" ind1=" " ind2=" ">
            <subfield code="a">7</subfield>
            <subfield code="b">cbc</subfield>
            <subfield code="c">origcop</subfield>
            <subfield code="d">2</subfield>
            <subfield code="e">ncip</subfield>
            <subfield code="f">20</subfield>
            <subfield code="g">y-soundrec</subfield>
          </datafield>
          <datafield tag="925" ind1="0" ind2=" ">
            <subfield code="a">acquire</subfield>
            <subfield code="b">2 shelf copies</subfield>
            <subfield code="x">policy default</subfield>
          </datafield>
          <datafield tag="955" ind1=" " ind2=" ">
            <subfield code="a">qu42 2004-05-14; qu54 2004-06-01</subfield>
          </datafield>
          <datafield tag="010" ind1=" " ind2=" ">
            <subfield code="a">  2004650048</subfield>
          </datafield>
          <datafield tag="028" ind1="1" ind2="0">
            <subfield code="a">ND3-MM-4710-4</subfield>
            <subfield code="b">NBC</subfield>
          </datafield>
          <datafield tag="028" ind1="1" ind2="0">
            <subfield code="a">ND3-MM-4711-2B</subfield>
            <subfield code="b">NBC</subfield>
          </datafield>
          <datafield tag="040" ind1=" " ind2=" ">
            <subfield code="a">DLC</subfield>
            <subfield code="c">DLC</subfield>
            <subfield code="d">DLC</subfield>
          </datafield>
          <datafield tag="050" ind1="0" ind2="0">
            <subfield code="a">31337-NCPC 31338</subfield>
          </datafield>
          <datafield tag="130" ind1="0" ind2=" ">
            <subfield code="a">Weird circle (Radio program)</subfield>
          </datafield>
          <datafield tag="245" ind1="1" ind2="4">
            <subfield code="a">The weird circle.</subfield>
            <subfield code="n">Program 21, parts 1-2,</subfield>
            <subfield code="p">The 4:15 express</subfield>
            <subfield code="h">[sound recording].</subfield>
          </datafield>
          <datafield tag="246" ind1="3" ind2=" ">
            <subfield code="a">4:15 express</subfield>
          </datafield>
          <datafield tag="246" ind1="3" ind2=" ">
            <subfield code="a">Four-fifteen express</subfield>
          </datafield>
          <datafield tag="260" ind1=" " ind2=" ">
            <subfield code="a">New York :</subfield>
            <subfield code="b">National Broadcasting Co., Radio Recording Division,</subfield>
            <subfield code="c">[194-]</subfield>
          </datafield>
          <datafield tag="300" ind1=" " ind2=" ">
            <subfield code="a">2 sound discs :</subfield>
            <subfield code="b">analog, 33 1/3 rpm, mono. ;</subfield>
            <subfield code="c">16 in.</subfield>
          </datafield>
          <datafield tag="500" ind1=" " ind2=" ">
            <subfield code="a">NBC: ND3-MM-4710-4 (matrix)--ND3-MM-4711-2B (matrix).</subfield>
          </datafield>
          <datafield tag="500" ind1=" " ind2=" ">
            <subfield code="a">Distributed electrical transcription recordings.</subfield>
          </datafield>
          <datafield tag="500" ind1=" " ind2=" ">
            <subfield code="a">"Orthacoustic syndicated program series."</subfield>
          </datafield>
          <datafield tag="500" ind1=" " ind2=" ">
            <subfield code="a">Based on the story by Amelia Edwards.</subfield>
          </datafield>
          <datafield tag="520" ind1=" " ind2=" ">
            <subfield code="a">Show based on tales of horror, mystery, and intrigue.</subfield>
          </datafield>
          <datafield tag="501" ind1=" " ind2=" ">
            <subfield code="a">Issued with: The weird circle, program 22, parts 1-2, A terrible night.</subfield>
          </datafield>
          <datafield tag="500" ind1=" " ind2=" ">
            <subfield code="a">Production level cataloging.</subfield>
          </datafield>
          <datafield tag="650" ind1=" " ind2="0">
            <subfield code="a">Horror tales.</subfield>
          </datafield>
          <datafield tag="655" ind1=" " ind2="7">
            <subfield code="a">Dramas</subfield>
            <subfield code="v">Radio.</subfield>
            <subfield code="2">radfg</subfield>
          </datafield>
          <datafield tag="700" ind1="1" ind2=" ">
            <subfield code="a">Edwards, Amelia B.,</subfield>
            <subfield code="d">1831-1892.</subfield>
          </datafield>
        </record>
      </zs:recordData>
      <zs:recordPosition>4</zs:recordPosition>
    </zs:record>