
    <zs:record>
      <zs:recordSchema/>
      <zs:recordPacking>xml</zs:recordPacking>
      <zs:recordData>
        <record xmlns="http://www.loc.gov/MARC21/slim">
          <leader>00900cam a22002531  4500</leader>
          <controlfield tag="001">6836513</controlfield>
          <controlfield tag="005">20171215103836.0</controlfield>
          <controlfield tag="008">730702s1890    enka          000 0 eng  </controlfield>
          <datafield tag="035" ind1=" " ind2=" ">
            <subfield code="9">(DLC)   16008314</subfield>
          </datafield>
          <datafield tag="906" ind1=" " ind2=" ">
            <subfield code="a">7</subfield>
            <subfield code="b">cbc</subfield>
            <subfield code="c">oclcrpl</subfield>
            <subfield code="d">u</subfield>
            <subfield code="e">ncip</subfield>
            <subfield code="f">19</subfield>
            <subfield code="g">y-gencatlg</subfield>
          </datafield>
          <datafield tag="010" ind1=" " ind2=" ">
            <subfield code="a">   16008314 </subfield>
          </datafield>
          <datafield tag="035" ind1=" " ind2=" ">
            <subfield code="a">(OCoLC)648647</subfield>
          </datafield>
          <datafield tag="040" ind1=" " ind2=" ">
            <subfield code="a">DLC</subfield>
            <subfield code="c">OKentU</subfield>
            <subfield code="d">DLC</subfield>
          </datafield>
          <datafield tag="042" ind1=" " ind2=" ">
            <subfield code="a">premarc</subfield>
          </datafield>
          <datafield tag="050" ind1="0" ind2="0">
            <subfield code="a">DB469</subfield>
            <subfield code="b">.E27 1890</subfield>
          </datafield>
          <datafield tag="100" ind1="1" ind2=" ">
            <subfield code="a">Edwards, Amelia B.,</subfield>
            <subfield code="d">1831-1892.</subfield>
          </datafield>
          <datafield tag="245" ind1="1" ind2="0">
            <subfield code="a">Untrodden peaks and unfrequented valleys,</subfield>
            <subfield code="b">a midsummer ramble in the Dolomites,</subfield>
            <subfield code="c">by Amelia B. Edwards.</subfield>
          </datafield>
          <datafield tag="250" ind1=" " ind2=" ">
            <subfield code="a">2d ed.</subfield>
          </datafield>
          <datafield tag="260" ind1=" " ind2=" ">
            <subfield code="a">London,</subfield>
            <subfield code="a">New York [etc.]</subfield>
            <subfield code="b">G. Routledge and sons, limited,</subfield>
            <subfield code="c">1890.</subfield>
          </datafield>
          <datafield tag="300" ind1=" " ind2=" ">
            <subfield code="a">xxiv, 389 p.</subfield>
            <subfield code="b">illus.</subfield>
            <subfield code="c">23 cm.</subfield>
          </datafield>
          <datafield tag="651" ind1=" " ind2="0">
            <subfield code="a">Dolomite Alps (Italy)</subfield>
            <subfield code="x">Description and travel.</subfield>
          </datafield>
          <datafield tag="740" ind1="0" ind2=" ">
            <subfield code="a">Midsummer ramble in the Dolomites.</subfield>
          </datafield>
          <datafield tag="985" ind1=" " ind2=" ">
            <subfield code="e">OCLC REPLACEMENT cdsdistr</subfield>
          </datafield>
          <datafield tag="991" ind1=" " ind2=" ">
            <subfield code="b">c-GenColl</subfield>
            <subfield code="h">DB469</subfield>
            <subfield code="i">.E27 1890</subfield>
            <subfield code="t">Copy 1</subfield>
            <subfield code="w">OCLCREP</subfield>
          </datafield>
        </record>
      </zs:recordData>
      <zs:recordPosition>33</zs:recordPosition>
    </zs:record>