
    <zs:record>
      <zs:recordSchema/>
      <zs:recordPacking>xml</zs:recordPacking>
      <zs:recordData>
        <record xmlns="http://www.loc.gov/MARC21/slim">
          <leader>01026cam a2200265 a 4500</leader>
          <controlfield tag="001">14415374</controlfield>
          <controlfield tag="005">20171215103541.0</controlfield>
          <controlfield tag="008">060615r20051873nyua     b    000 0aeng  </controlfield>
          <datafield tag="906" ind1=" " ind2=" ">
            <subfield code="a">7</subfield>
            <subfield code="b">cbc</subfield>
            <subfield code="c">origcop</subfield>
            <subfield code="d">2</subfield>
            <subfield code="e">ncip</subfield>
            <subfield code="f">20</subfield>
            <subfield code="g">y-gencatlg</subfield>
          </datafield>
          <datafield tag="925" ind1="0" ind2=" ">
            <subfield code="a">acquire</subfield>
            <subfield code="b">1 shelf copies</subfield>
            <subfield code="x">policy default</subfield>
          </datafield>
          <datafield tag="955" ind1=" " ind2=" ">
            <subfield code="a">pv03 2006-06-15 z-processor to HLCD</subfield>
            <subfield code="c">lf25 2006-06-20</subfield>
            <subfield code="d">lf03 2006-07-06</subfield>
            <subfield code="e">lf27 2006-08-25 to Dewey (telework)</subfield>
            <subfield code="a">aa29 2006-09-09</subfield>
          </datafield>
          <datafield tag="010" ind1=" " ind2=" ">
            <subfield code="a">  2006277917</subfield>
          </datafield>
          <datafield tag="020" ind1=" " ind2=" ">
            <subfield code="a">1596054611</subfield>
          </datafield>
          <datafield tag="040" ind1=" " ind2=" ">
            <subfield code="a">DLC</subfield>
            <subfield code="c">DLC</subfield>
            <subfield code="d">DLC</subfield>
          </datafield>
          <datafield tag="043" ind1=" " ind2=" ">
            <subfield code="a">e-it---</subfield>
          </datafield>
          <datafield tag="050" ind1="0" ind2="0">
            <subfield code="a">DG975.D67</subfield>
            <subfield code="b">E39 2005</subfield>
          </datafield>
          <datafield tag="082" ind1="0" ind2="0">
            <subfield code="a">914.5/37</subfield>
            <subfield code="2">22</subfield>
          </datafield>
          <datafield tag="100" ind1="1" ind2=" ">
            <subfield code="a">Edwards, Amelia B.,</subfield>
            <subfield code="d">1831-1892.</subfield>
          </datafield>
          <datafield tag="245" ind1="1" ind2="0">
            <subfield code="a">Untrodden peaks and unfrequented valleys /</subfield>
            <subfield code="c">Amelia Edwards.</subfield>
          </datafield>
          <datafield tag="260" ind1=" " ind2=" ">
            <subfield code="a">New York :</subfield>
            <subfield code="b">Cosimo Classics,</subfield>
            <subfield code="c">c2005.</subfield>
          </datafield>
          <datafield tag="300" ind1=" " ind2=" ">
            <subfield code="a">357 p. :</subfield>
            <subfield code="b">ill. ;</subfield>
            <subfield code="c">21 cm.</subfield>
          </datafield>
          <datafield tag="490" ind1="0" ind2=" ">
            <subfield code="a">Cosimo Classics literature</subfield>
          </datafield>
          <datafield tag="500" ind1=" " ind2=" ">
            <subfield code="a">Reprint. Originally published: Beacon Press, 1872.</subfield>
          </datafield>
          <datafield tag="651" ind1=" " ind2="0">
            <subfield code="a">Dolomite Alps (Italy)</subfield>
            <subfield code="x">Description and travel.</subfield>
          </datafield>
          <datafield tag="600" ind1="1" ind2="0">
            <subfield code="a">Edwards, Amelia B.,</subfield>
            <subfield code="d">1831-1892</subfield>
            <subfield code="x">Travel</subfield>
            <subfield code="z">Italy</subfield>
            <subfield code="z">Dolomite Alps.</subfield>
          </datafield>
        </record>
      </zs:recordData>
      <zs:recordPosition>35</zs:recordPosition>
    </zs:record>